00566cas a22002171a 4500
001 999288443502836
003 Nz
005 20160321142635.0
008 031224d19771980nz  r ne      0   0 eng d
035    $a (NLNZils)928844
035    $a (Nz)8144686
035    $a (NLNZils)928844-ilsdb
035    $a (OCoLC)173421332
040    $a WN $c WN
042    $a nznb
043    $a u-nz---
245 00 $a Greytown news.
260    $a [Greytown, N.Z. : $b s.n., $c 1977-1980]
362 0  $a 1977 Oct.-1980 Sep.
651  0 $a Greytown (N.Z.) $v Newspapers.
655  7 $a New Zealand newspapers. $2 local $5 Nz
